%%%%%%%%%%%%%%%%%%%%%%%%%%%%%%%%%%%%%%%%%%%%%%%%%%%%%%%%%%%%%%%%%%%%%%%%%%%%%%%%%%%%%%%%%%%%
%%%%%%%%%%%%%%%%%%%%%%%%%%%%%%%%%%%%%%%%%%%%%%%%%%%%%%%%%%%%%%%%%%%%%%%%%%%%%%%%%%%%%%%%%%%%
%												Articles and publications
%
%%%%%%%%%%%%%%%%%%%%%%%%%%%%%%%%%%%%%%%%%%%%%%%%%%%%%%%%%%%%%%%%%%%%%%%%%%%%%%%%%%%%%%%%%%%%
% University of Waterloo; Ontario, Canada
% Michael W. Carter. A comprehensive course timetabling and student scheduling
% system at the University of Waterloo. In Edmund Burke and Wilhelm Erben,
% editors, Practice and Theory of Automated Timetabling III, pages 64-82. Springer-
% Verlag LNCS 2079, 2001.
@incollection{Carter2001,
  author		= {Michael, W. Carter},
  title			= {A comprehensive course timetabling and student scheduling system at the University of Waterloo},
	booktitle = {Practice and Theory of Automated Timetabling III},
  editor		= {Edmund Burke and Wilhelm Erben},
  publisher	= {Springer Verlag LNCS},
  pages			= {64-82},
  year			= {2001},
	key   		= {Carter2001}
}

%%%%%%%%%%%%%%%%%%%%%%%%%%%%%%%%%%%%%%%%%%%%%%%%%%%%%%%%%%%%%%%%%%%%%%%%%%%%%%%%%%%%%%%%%%%%
% Purdue University; West Lafayette, Indiana, US
% Modeling and Solution of a Complex University Course Timetabling Problem
% Keith Murray, Tomas Mueller, and Hana Rudova
% 6th International Conference, PATAT 2006 
@incollection{Murray2007,
  author      = {Keith, Murray and Tomas, Mueller and Hana, Rudova},
  title       = {Modeling and Solution of a Complex University Course Timetabling Problem},
  booktitle   = {Practice and Theory of Automated Timetabling VI},
  editor      = {Edmund K. Burke and Hana Rudova},
  publisher   = {Springer Berlin Heidelberg},
	pages 			=	{189-209},
  year        = {2007},
	key   			= {Murray2007}
}

%%%%%%%%%%%%%%%%%%%%%%%%%%%%%%%%%%%%%%%%%%%%%%%%%%%%%%%%%%%%%%%%%%%%%%%%%%%%%%%%%%%%%%%%%%%%
% Purdue University; West Lafayette, Indiana, US
% http://www.unitime.org/
@manual{Unitime,
      title  = {University Timetabling: Comprehensive Academic Scheduling Solutions},
      author = {UniTime LLC},
      note   = {Available at \url{http://www.unitime.org/}},
      year   = {2007 - 2014},
			key    = {Unitime}
}

%%%%%%%%%%%%%%%%%%%%%%%%%%%%%%%%%%%%%%%%%%%%%%%%%%%%%%%%%%%%%%%%%%%%%%%%%%%%%%%%%%%%%%%%%%%%
% Bilkent University - Turkey
% California State University, Long Beach
% http://www.csulb.edu/~obenli/DSS/info.html
@manual{DSS,
      title  = {Decision Support System for Scheduling Courses at Bilkent University},
      note   = {Available at \url{http://www.csulb.edu/~obenli/DSS/info.html}},
			author = {Oeme, S. Benli, A. Reha Botsali},
      year   = {2004},
			key    = {DSS}
}

%%%%%%%%%%%%%%%%%%%%%%%%%%%%%%%%%%%%%%%%%%%%%%%%%%%%%%%%%%%%%%%%%%%%%%%%%%%%%%%%%%%%%%%%%%%%
% Bilkent University - Turkey
@article{Guenalay2006,
  author      = {Yavuz, Guenalay and Tuna, Sahin},
  title       = {A decision support system for the university timetabling problem with instructor preferences},
  editor      = {Edmund K. Burke and Hana Rudova},
  journal     = {Asian Journal of Information Technology},
	issue				= {5},
	volume			= {12},
	pages 			=	{1479-1484},
  year        = {2006},
	key     		= {Guenalay2006}
}

%%%%%%%%%%%%%%%%%%%%%%%%%%%%%%%%%%%%%%%%%%%%%%%%%%%%%%%%%%%%%%%%%%%%%%%%%%%%%%%%%%%%%%%%%%%%
% Schaerf, A. (1999). A survey of automated timetabling.
@article{Schaerf99,
  author      = {Andrea, Schaerf},
  title       = {A survey of automated timetabling},
  editor      = {Artificial Intelligence Review},
	issue				= {2},
	volume			= {13},
	pages 			=	{87–127},
  year        = {1999},
	key     		= {Schaerf99}
}
				
%%%%%%%%%%%%%%%%%%%%%%%%%%%%%%%%%%%%%%%%%%%%%%%%%%%%%%%%%%%%%%%%%%%%%%%%%%%%%%%%%%%%%%%%%%%%
% Michael Marte 2002
% Models and Algorithms for School timetabling - a constraint-programming approach.
% Germany
@article{Michael2002,
  author      = {Michael, Marte},
  title       = {Models and Algorithms for School timetabling -- a constraint-programming approach},
	year        = {2002},
	key     		= {Michael2002}
}
			
%%%%%%%%%%%%%%%%%%%%%%%%%%%%%%%%%%%%%%%%%%%%%%%%%%%%%%%%%%%%%%%%%%%%%%%%%%%%%%%%%%%%%%%%%%%%
% Pillay, N. (2010). An overview of school timetabling research.
% PATAT
@article{SchoolOverview2010,
  author      = {Nelishia, Pillay},
  title       = {An overview of school timetabling research},
  editor      = {Artificial Intelligence Review},
	publisher		= {Patat},
	year        = {2010},
	key     		= {Pillay2010}
}
				
%%%%%%%%%%%%%%%%%%%%%%%%%%%%%%%%%%%%%%%%%%%%%%%%%%%%%%%%%%%%%%%%%%%%%%%%%%%%%%%%%%%%%%%%%%%%
% Birbas, T. and Daskalaki, S. and Housos, E. 2009
% School timetabling for quality student and teacher schedules.
% Greece
@article{Birbas2009,
  author      = {T, Birbas and S, Daskalaki and E, Housos},
  title       = {School timetabling for quality student and teacher schedules},
	publisher		= {Kluwer Academic Publishers},
	issue				= {2},
	volume			= {12},
	pages 			=	{177–197},
	year        = {2009},
	key     		= {Birbas2009}
}

							
				
%%%%%%%%%%%%%%%%%%%%%%%%%%%%%%%%%%%%%%%%%%%%%%%%%%%%%%%%%%%%%%%%%%%%%%%%%%%%%%%%%%%%%%%%%%%%
%%%%%%%%%%%%%%%%%%%%%%%%%%%%%%%%%%%%%%%%%%%%%%%%%%%%%%%%%%%%%%%%%%%%%%%%%%%%%%%%%%%%%%%%%%%%
%											GROUPS, CONFERENCES, COMPETITIONS, PRODUCTS
%				
%%%%%%%%%%%%%%%%%%%%%%%%%%%%%%%%%%%%%%%%%%%%%%%%%%%%%%%%%%%%%%%%%%%%%%%%%%%%%%%%%%%%%%%%%%%%
% http://www.mimosasoftware.com/
@manual{Mimosasoftware,
      title  = {Mimosa Scheduling Software},
      note   = {Available at \url{http://www.mimosasoftware.com/}},
      year   = {2014},
			key    = {Mimosa Software}
}

%%%%%%%%%%%%%%%%%%%%%%%%%%%%%%%%%%%%%%%%%%%%%%%%%%%%%%%%%%%%%%%%%%%%%%%%%%%%%%%%%%%%%%%%%%%%
% http://www.patatconference.org/
@manual{Patat,
      title  = {Pratice and Theory on Automated Timetabling},
      note   = {Available at \url{http://www.patatconference.org}},
			key    = {Patat}
}

%%%%%%%%%%%%%%%%%%%%%%%%%%%%%%%%%%%%%%%%%%%%%%%%%%%%%%%%%%%%%%%%%%%%%%%%%%%%%%%%%%%%%%%%%%%%
% University of Twente; Enschede, Netherlands
% ITC-2011
% http://www.utwente.nl/ctit/hstt/
@manual{Hstt,
      title  = {Benchmarking project for (high) school timetabling},
      note   = {Available at \url{http://www.utwente.nl/ctit/hstt/}},
			key    = {Hstt}
}

%%%%%%%%%%%%%%%%%%%%%%%%%%%%%%%%%%%%%%%%%%%%%%%%%%%%%%%%%%%%%%%%%%%%%%%%%%%%%%%%%%%%%%%%%%%%
% ITC-2007
% http://www.cs.qub.ac.uk/itc2007/
@manual{ITC2007,
      title  = {International Timetabling Competition (ITC)},
      note   = {Available at \url{http://www.cs.qub.ac.uk/itc2007/}},
			year	 = {2007},
			key    = {ITC-2007}
}

%%%%%%%%%%%%%%%%%%%%%%%%%%%%%%%%%%%%%%%%%%%%%%%%%%%%%%%%%%%%%%%%%%%%%%%%%%%%%%%%%%%%%%%%%%%%
% University of Udine; Italy
% http://tabu.diegm.uniud.it/ctt/index.php
@manual{Ectt,
      title  = {Curriculum-Based Course Timetabling Project},
      note   = {Available at \url{http://tabu.diegm.uniud.it/ctt/index.php}},
			key    = {Ectt}
}

%%%%%%%%%%%%%%%%%%%%%%%%%%%%%%%%%%%%%%%%%%%%%%%%%%%%%%%%%%%%%%%%%%%%%%%%%%%%%%%%%%%%%%%%%%%%
% University of Udine; Italy
% http://satt.diegm.uniud.it/home/
@manual{Udine,
      title  = {Research Group at Scheduling and Timetabling},
			author = {Research Group at the University of Udine, Italy},
      note   = {Available at \url{http://satt.diegm.uniud.it/home/}},
			key    = {Udine-SATT}
}

%%%%%%%%%%%%%%%%%%%%%%%%%%%%%%%%%%%%%%%%%%%%%%%%%%%%%%%%%%%%%%%%%%%%%%%%%%%%%%%%%%%%%%%%%%%%
% Watt
% http://watt.cs.kuleuven.be/application-area/educational-timetabling
@manual{Watt,
      title  = {Watt -- Educational Timetabling},
			author = {Working group on automated timetabling (Watt)},
      note   = {Available at \url{http://watt.cs.kuleuven.be/application-area/educational-timetabling}},
			key    = {Watt}
}
